@article{hossain_rashid_patrick_2003,
  author =       "Albert Einstein",
  title =        "{Zur Elektrodynamik bewegter K{\"o}rper}. ({German})
                 [{On} the electrodynamics of moving bodies]",
  journal =      "Annalen der Physik",
  volume =       "322",
  number =       "10",
  pages =        "891--921",
  year =         "1905",
  DOI =          "http://dx.doi.org/10.1002/andp.19053221004"
}

@book{anderson_2001,
    author    = "Michel Goossens and Frank Mittelbach and Alexander Samarin",
    title     = "The \LaTeX\ Companion",
    year      = "1993",
    publisher = "Addison-Wesley",
    address   = "Reading, Massachusetts"
}
 


@misc{ wws,
       author = "Wikipedia",
       title = "Wiki --- Wikipedia{,} La enciclopedia libre",
       year = "2017",
       howpublished = "\url{https://es.wikipedia.org/w/index.php?title=Wiki&oldid=99601220}",
		note = "[Internet; descargado 4-junio-2017]"
}
